@inproceedings{argoverse,
  title={Argoverse: 3D Tracking and Forecasting with Rich Maps},
  author={Ming-Fang Chang and John Lambert and Patsorn Sangkloy and Jagjeet Singh and Slawomir Bak and Andrew Hartnett and De Wang and Peter Carr and Simon Lucey and Deva Ramanan and James Hays},
  journal={Computer Vision and Pattern Recognition},
  booktitle={CVPR},
  year={2019},
  note = {Arxiv preprint: 2103.11624}
}

@inproceeding{social_lstm,
  title={Social LSTM: Human Trajectory Prediction in Crowded Spaces},
  author={Alexandre Alahi and Kratarth Goel and Vignesh Ramanathan and Alexandre Robicquet and Li Fei-Fei and Silvio Savarese}
}

@inproceedings{social_gan,
  title={Social GAN: Socially Acceptable Trajectories with Generative Adversarial Networks},
  author={Gupta and Agrim and Johnson and Justin and Fei-Fei and Li and Savarese and Silvio and Alahi and Alexandre},
  booktitle={IEEE Conference on Computer Vision and Pattern Recognition (CVPR)},
  number={CONF},
  year={2018}
}

@inproceedings{best_of_many_cvae,
  title={Accurate and Diverse Sampling of Sequences based on a “Best of Many” Sample Objective},
  author={Apratim Bhattacharyya, Bernt Schiele, Mario Fritz},
  year={2018},
  booktitle={CVPR},
  note={Arxiv preprint: 1806.07772}
}

@inproceedings{mmtransformer,
  title={Multimodal Motion Prediction with Stacked Transformers},
  author={Liu and Yicheng and Zhang and Jinghuai and Fang and Liangji and Jiang and Qinhong and Zhou and Bolei},
  journal={Computer Vision and Pattern Recognition},
  year={2021},
  note={Arxiv preprint: 1911.02620}
}

@inproceedings{Disdis,
  title={Personalized Trajectory Prediction via Distribution Discrimination},
  author={Chen and Guangyi and Li and Junlong and Zhou and Nuoxing and Ren and Liangliang and Lu and Jiwen},
  booktitle={ICCV},
  year={2021}
}

@inproceedings{centernet,
  title={Objects as Points (CenterNet)},
  author={Xingyi Zhou and Dequan Wang and Philipp Krahenbuhl},
  year={2019},
  note={Arxiv preprint: 1904.07850}
}

@inproceedings{home,
  title={HOME: Heatmap Output for future Motion Estimation},
  author={Thomas Gilles and Stefano Sabatini and Dzmitry Tsishkou and Bogdan Stanciulescu and Fabien Moutarde},
  year={2021},
  note={Arxiv preprint: 2105.10968}
}

@inproceedings{caspnet,
  title={Context-Aware Scene Prediction Network (CASPNet)},
  author={Maximilian Schafer and Kun Zhao and Markus Buhren and Anton Kummert1},
  year={222},
  note={Arxiv preprint: 2101.06933}
}

@inproceedings{gohome,
  title={GOHOME: Graph-Oriented Heatmap Output for future Motion Estimation},
  author={Thomas Gilles and Stefano Sabatini and Dzmitry Tsishkou and Bogdan Stanciulescu and Fabien Moutarde},
  year={2021},
  note={Arxiv preprint: 2109.01827}
}

@inproceedings{tpcn,
  title={TPCN: Temporal Point Cloud Networks for Motion Forecasting},
  author={Maosheng Ye and Tongyi Cao and Qifeng Chen},
  year={2021},
  booktitle={CVPR},
  note={Arxiv preprint: 2103.03067}
}

@inproceedings{pointnet,
  title={PointNet: Deep Learning on Point Sets for 3D Classification and Segmentation},
  author={Charles R. Qi and Hao Su and Kaichun Mo and Leonidas J. Guibas},
  year={2017},
  booktitle={CVPR},
  note={Arxiv preprint: 1612.00593}
}

@inproceedings{convlstm,
  title={Convolutional LSTM Network: A Machine Learning Approach for Precipitation Nowcasting},
  author={Xingjian Shi and Zhourong Chen and Hao Wang and Dit-Yan Yeung and Wai-kin Wong and Wang-chun Woo},
  year={2015},
  note={Arxiv preprint: 1506.04214}
}

@inproceedings{lanegcn,
  title={Learning Lane Graph Representations for Motion Forecasting},
  author={Ming Liang and Bin Yang and Rui Hu and Yun Chen and Renjie Liao and Song Feng and Raquel Urtasun},
  year={2020},
  booktitle={ECCV},
  note={Arxiv preprint: 2007.13732}
}

@inproceedings{vectornet,
  title={VectorNet: Encoding HD Maps and Agent Dynamics from Vectorized Representation},
  author={Jiyang Gao and Chen Sun and Hang Zhao and Yi Shen and Dragomir Anguelov and Congcong Li and Cordelia Schmid},
  year={2020},
  booktitle={CVPR},
  note={Arxiv preprint: 2005.04259}
}